@misc{ wiki:voto,
   	author = "Wikipedia",
   	title = "Elettorato attivo (ordinamento costituzionale italiano) - {W}ikipedia{,} L'enciclopedia libera",
   	year = 2017,
    note = "\url{https://it.wikipedia.org/wiki/Elettorato_attivo_(ordinamento_costituzionale_italiano)#Voto} [Online; acceduto 03/04/2018]"
}

@misc{ art48,
	author = "Repubblica Italiana",
	title = "Costituzione, art. 48",
	year = 1948,
	note = "\url{https://www.senato.it/1025?sezione=123&articolo_numero_articolo=48} [Online; acceduto 03/04/2018]"
}

@misc{ai_unilever,
	author = "Jon-Mark Sabel",
	title = "How {AI} is Transforming Pre-Hire Assessments - {H}ireVue blog",
	year = 2017,
	note = "\url{https://www.hirevue.com/blog/how-ai-is-transforming-pre-hire-assessments-webinar-recap} [Online; acceduto 03/04/2018]"
}

@misc{casper,
	author = "Vitalik Buterin",
	title = "Casper Version 1 Implementation Guide",
	year = 2017,
	note= "\url{https://github.com/ethereum/research/wiki/Casper-Version-1-Implementation-Guide} [Online; acceduto 03/04/2018]"
}

@misc{poet,
	author = "Rick Echevarria (Intel)",
	title = "2017: A Summer of Consensus",
	year = 2017,
	note = "\url{https://software.intel.com/en-us/blogs/2017/10/05/2017-a-summer-of-consensus} [Online; acceduto 03/04/2018]"
}

@misc{stellar_protocol,
	author = "David Mazieres",
	title = "The Stellar Consensus Protocol: A Federated Model for Internet-level Consensus",
	year = 2016,
	note = "\url{https://www.stellar.org/papers/stellar-consensus-protocol.pdf} [Online; acceduto 03/04/2018]"
}

@misc{sidechain,
	author = "Adam Back and Matt Corallo and Luke Dashjr and Mark Friedenbach and Gregory Maxwell and Andrew Miller and Andrew Poelstra and Jorge Timòn and Pieter Wuille",
	title = "Enabling Blockchain Innovations with Pegged Sidechains",
	year = 2014,
	note = "\url{https://blockstream.com/sidechains.pdf} [Online; acceduto 03/04/2018]"
}

@misc{4industrialrevo,
	author = "DJ Qian",
	title = "The Fourth Industrial Revolution: Blockchain Tech and the Integration of Trust",
	year = 2017,
	note = "\url{http://www.nasdaq.com/article/the-fourth-industrial-revolution-blockchain-tech-and-the-integration-of-trust-cm749337} [Online; acceduto 03/04/2018]"
}

@misc{Ametrano_slides,
	author = "Ferdinando M. Ametrano",
	title = "Bitcoin and Blockchain Technology: An Introduction",
	year = 2017,
	note = "\url{https://www.slideshare.net/Ferdinando1970/bitcoin-and-blockchain-technology-an-introduction-75326058} [Slides online; acceduto 03/04/2018]"
}

@misc{ring_signature,
	author = "Wikipedia",
	title = "Ring signature",
	note = "\url{https://en.wikipedia.org/wiki/Ring_signature} [Online; acceduto 03/04/2018]"
}

@misc{cap_diagram,
	author = "Manoj Debnath",
	title = "Getting Started with MongoDB as a Java NoSQL Solution",
	note = "\url{https://www.developer.com/java/data/getting-started-with-mongodb-as-a-java-nosql-solution.html} [Online; acceduto 03/04/2018]"
}

@misc{theDAO,
	author = "David Siegel",
	title = "Understanding The DAO Attack",
	year = 2016,
	note = "\url{https://www.coindesk.com/understanding-dao-hack-journalists/} [Online; acceduto 03/04/2018]"
}

@misc{hashcash,
	author = "BitcoinWiki",
	title = "Hashcash",
	year = 2017,
	note = "\url{https://en.bitcoin.it/wiki/Hashcash} [Online; acceduto 03/04/2018]"
}

@misc{zcoin_vs_zcash,
	author = "Poramin Insom",
	title = "Z{C}oin and Z{C}ash: Similarities and Differences",
	year = 2016,
	note = "\url{https://zcoin.io/zcoin-and-zcash/} [Online; acceduto 03/04/2018]"
}

@misc{timejacking,
	author = "corbixgwelt",
	title = "Timejacking \& Bitcoin{,} The Global Time Agreement Puzzle",
	year = 2011,
	note = "\url{http://culubas.blogspot.it/2011/05/timejacking-bitcoin_802.html} [Online; acceduto 03/04/2018]"
}

@misc{zkSNARK,
	author = "z.cash",
	title = "What are zk-SNARKs{?}",
	year = 2017,
	note = "\url{https://z.cash/technology/zksnarks.html} [Online; acceduto 03/04/2018]"
}

@misc{ametrano_signature,
	author = "Ferdinando Ametrano",
	title = "Bitcoin, Blockchain, and Distributed Ledger Technology: Hype or Reality?",
	year = 2017,
	note = "\url{https://speakerdeck.com/nando1970/bitcoin-blockchain-and-distributed-ledger-technology-hype-or-reality} [Online; acceduto 03/04/2018]"
}

@misc{rebooting_web_of_trust,
	author = "Web Of Trust Info",
	title = "Rebooting The Web Of Trust",
	year = 2017,
	note = "\url{http://www.weboftrust.info/} [Online; acceduto 03/04/2018]"
}

@misc{blockchain_delusion,
	author = "Mila Fiordalisi",
	title = "Contrordine: il blockchain non è quel che appare. E le banche ci ripensano",
	year = 2018,
	note = "\url{https://www.corrierecomunicazioni.it/finance/contrordine-il-blockchain-non-e-quel-che-appare-e-le-banche-ci-ripensano/} [Online; acceduto 03/04/2018]"
}

@book{understanding_bitcoin,
    author = "Pedro Franco",
    title = "Understanding Bitcoin",
    publisher = "Wiley",
    year = 2015,
}

@book{mastering_blockchain,
    author = "Imran Bashir",
    title = "Mastering Blockchain",
    publisher = "Packt",
    year = 2017,
    ISBN = "978-1-78712-544-5"
}

@book{blockchain_swan,
	author = "Melanie Swan",
	title = "Blockchain, Blueprint for a New Economy",
	publisher = "O'Reilly",
	year = 2015,
	ISBN = "978-1-491-92049-7"
}

@techreport{CAP,
    author = "Seth Gilbert and Nancy A. Lynch",
    title = "Perspectives on the CAP Theorem",
    institution = "MIT",
    year = 2002
}

@techreport{PBFT,
    author = "Miguel Castro and Barbara Liskov",
    title = "Practical Byzantine Fault Tolerance",
    institution = "MIT",
    year = 1999,
    note = "\url{http://pmg.csail.mit.edu/papers/osdi99.pdf} [Online; acceduto 03/04/2018]"
}

@techreport{BGP,
    author = "Leslie Lamport and Marshall Pease and Robert Shostak",
    title = "The Byzantine Generals Problem",
    institution = "ACM",
    year = 1982,
    note = "\url{http://lamport.azurewebsites.net/pubs/pubs.html#byz} [Online; acceduto 03/04/2018]"
}

@techreport{hayek_money,
	author = "Ferdinando M. Ametrano",
	title = "Hayek Money: the Cryptocurrency Price Stability Solution",
	institution = "Milan Bicocca University",
	year = 2016,
	note = "\url{https://papers.ssrn.com/abstract=2425270} [Online; acceduto 03/04/2018]"
}

@techreport{what_is_it_good_for,
	author = "Saifedean Hisham Ammous",
	title = "Blockchain Technology: What is it Good for?",
	institution = "Lebanese American University",
	year = 2016,
	note = "\url{https://papers.ssrn.com/abstract=2832751} [Online; acceduto 03/04/2018]"
}

@techreport{nakamoto_bitcoin,
	author = "Satoshi Nakamoto",
	title = "Bitcoin: A Peer-to-Peer Electronic Cash System",
	institution = "The Cryptography Mailing List",
	year = 2008,
	note = "\url{https://bitcoin.org/bitcoin.pdf} [Online; acceduto 03/04/2018]"
}

@techreport{hawk,
	author = "Ahmed Kosba and Andrew Miller and Elaine Shi and Zikai Wen and Charalampos Papamanthou",
	title = "Hawk: The Blockchain Model of Cryptography and Privacy-Preserving Smart Contracts",
	institution = "University of Maryland and Cornell University",
	year = 2015,
	note = "\url{https://eprint.iacr.org/2015/675.pdf} [Online; acceduto 03/04/2018]"
}

@techreport{SLRS,
	author = "Patrick P.Tsang and Victor K. Wei",
	title = "Short Linkable Ring Signatures for E-voting, E-cash and Attestation",
	institution = "The Chinese University of Hong Kong",
	year = 2004,
	note = "\url{https://eprint.iacr.org/2004/281.pdf} [Online; acceduto 03/04/2018]"
}

@techreport{enigma,
	author = "Guy Zyskind and Oz Nathan and Alex Pentland",
	title = "Enigma: Decentralized Computation Platform with Guaranteed Privacy",
	institution = "MIT",
	year = 2015,
	note = "\url{https://www.enigma.co/enigma_full.pdf} [Online; acceduto 03/04/2018]"
}

@techreport{gartner,
	author = "David Furlonger and Ray Valdes",
	title = "{H}ype {C}ycle for {B}lockchain {T}echnologies and	the {P}rogrammable {E}conomy, 2016",
	institution = "Gartner, Inc.",
	year = 2016,
	note = "ID: G00308190"
}

@techreport{gartner_march,
	author = "Rajesh Kandaswamy and David Furlonger",
	title = "{B}lockchain-{B}ased {T}ransformation: {A} {G}artner {T}rend {I}nsight {R}eport",
	institution = "Gartner, Inc.",
	year = 2018,
	note = "ID: G00352362"
}

@techreport{dodis,
	author = "Yevgeniy Dodis and Aggelos Kiayias and Antonio Nicolosi and Victor Shoup",
	title = "Anonymous identification in ad hoc groups",
	institution = "EUROCRYPT 2004, volume 3027 of LNCS, pages 609–626.",
	year = 2004,
	note = "\url{https://www.iacr.org/archive/eurocrypt2004/30270605/ad_hoc_groups.pdf} [Online; acceduto 03/04/2018]"
}
